@article{mckeown2008openflow,
	title={OpenFlow: enabling innovation in campus networks},
	author={McKeown, Nick and Anderson, Tom and Balakrishnan, Hari and Parulkar, Guru and Peterson, Larry and Rexford, Jennifer and Shenker, Scott and Turner, Jonathan},
	journal={ACM SIGCOMM Computer Communication Review},
	volume={38},
	number={2},
	pages={69--74},
	year={2008},
	publisher={ACM}
}

@inproceedings{naous2008implementing,
	title={Implementing an OpenFlow switch on the NetFPGA platform},
	author={Naous, Jad and Erickson, David and Covington, G Adam and Appenzeller, Guido and McKeown, Nick},
	booktitle={Proceedings of the 4th ACM/IEEE Symposium on Architectures for Networking and Communications Systems},
	pages={1--9},
	year={2008},
	organization={ACM}
}